@book{fecko,
  title = {Differential geometry and Lie groups for physicists},
  author = {Fecko, Mari{\'a}n},
  year = {2006},
  publisher = {Cambridge university press}
}
